<?xml version="1.0" encoding="UTF-8"?>
  <record xmlns="http://www.loc.gov/MARC21/slim" type="Authority">
    <leader>00000nz  a2200000nc 4500</leader>
    <controlfield tag="001">100833195</controlfield>
    <controlfield tag="003">DE-101</controlfield>
    <controlfield tag="005">20220408131249.0</controlfield>
    <controlfield tag="008">900707n||azznnaabn           | aaa    |c</controlfield>
    <datafield tag="024" ind1="7" ind2=" ">
      <subfield code="a">100833195</subfield>
      <subfield code="0">http://d-nb.info/gnd/100833195</subfield>
      <subfield code="2">gnd</subfield>
    </datafield>
    <datafield tag="035" ind1=" " ind2=" ">
      <subfield code="a">(DE-101)100833195</subfield>
    </datafield>
    <datafield tag="035" ind1=" " ind2=" ">
      <subfield code="a">(DE-588)100833195</subfield>
    </datafield>
    <datafield tag="035" ind1=" " ind2=" ">
      <subfield code="z">(DE-588)15539889X</subfield>
    </datafield>
    <datafield tag="035" ind1=" " ind2=" ">
      <subfield code="z">(DE-588a)15539889X</subfield>
      <subfield code="9">v:zg</subfield>
    </datafield>
    <datafield tag="035" ind1=" " ind2=" ">
      <subfield code="z">(DE-588)119633361</subfield>
    </datafield>
    <datafield tag="035" ind1=" " ind2=" ">
      <subfield code="z">(DE-588a)119633361</subfield>
      <subfield code="9">v:zg</subfield>
    </datafield>
    <datafield tag="035" ind1=" " ind2=" ">
      <subfield code="z">(DE-588a)100833195</subfield>
      <subfield code="9">v:zg</subfield>
    </datafield>
    <datafield tag="035" ind1=" " ind2=" ">
      <subfield code="z">(DE-588a)134340280</subfield>
    </datafield>
    <datafield tag="035" ind1=" " ind2=" ">
      <subfield code="z">(DE-101c)310030285</subfield>
    </datafield>
    <datafield tag="035" ind1=" " ind2=" ">
      <subfield code="z">(DE-588c)7604574-2</subfield>
      <subfield code="9">v:zg</subfield>
    </datafield>
    <datafield tag="040" ind1=" " ind2=" ">
      <subfield code="a">DE-12</subfield>
      <subfield code="c">DE-12</subfield>
      <subfield code="9">r:DE-12</subfield>
      <subfield code="b">ger</subfield>
      <subfield code="d">2214</subfield>
    </datafield>
    <datafield tag="042" ind1=" " ind2=" ">
      <subfield code="a">gnd1</subfield>
    </datafield>
    <datafield tag="043" ind1=" " ind2=" ">
      <subfield code="c">XA-DE</subfield>
    </datafield>
    <datafield tag="065" ind1=" " ind2=" ">
      <subfield code="a">14.4p</subfield>
      <subfield code="2">sswd</subfield>
    </datafield>
    <datafield tag="075" ind1=" " ind2=" ">
      <subfield code="b">p</subfield>
      <subfield code="2">gndgen</subfield>
    </datafield>
    <datafield tag="075" ind1=" " ind2=" ">
      <subfield code="b">piz</subfield>
      <subfield code="2">gndspec</subfield>
    </datafield>
    <datafield tag="079" ind1=" " ind2=" ">
      <subfield code="a">g</subfield>
      <subfield code="q">a</subfield>
      <subfield code="q">f</subfield>
      <subfield code="q">s</subfield>
      <subfield code="q">m</subfield>
      <subfield code="q">t</subfield>
      <subfield code="u">m</subfield>
      <subfield code="u">v</subfield>
    </datafield>
    <datafield tag="100" ind1="0" ind2=" ">
      <subfield code="a">Joachim</subfield>
      <subfield code="c">a Burck</subfield>
      <subfield code="d">1546-1610</subfield>
    </datafield>
    <datafield tag="375" ind1=" " ind2=" ">
      <subfield code="a">1</subfield>
      <subfield code="2">iso5218</subfield>
    </datafield>
    <datafield tag="400" ind1="1" ind2=" ">
      <subfield code="a">Moller, Joachim</subfield>
      <subfield code="d">1546-1610</subfield>
      <subfield code="4">nawi</subfield>
      <subfield code="4">https://d-nb.info/standards/elementset/gnd#realIdentity</subfield>
      <subfield code="w">r</subfield>
      <subfield code="i">Wirklicher Name</subfield>
      <subfield code="e">Wirklicher Name</subfield>
    </datafield>
    <datafield tag="400" ind1="1" ind2=" ">
      <subfield code="a">Müller, Joachim</subfield>
      <subfield code="d">1546-1610</subfield>
    </datafield>
    <datafield tag="400" ind1="1" ind2=" ">
      <subfield code="a">Möller, Joachim &#152;von&#156;</subfield>
      <subfield code="d">1546-1610</subfield>
    </datafield>
    <datafield tag="400" ind1="0" ind2=" ">
      <subfield code="a">Joachimus</subfield>
      <subfield code="c">a Burck</subfield>
      <subfield code="d">1546-1610</subfield>
    </datafield>
    <datafield tag="400" ind1="0" ind2=" ">
      <subfield code="a">Joachimus</subfield>
      <subfield code="c">von Burck</subfield>
      <subfield code="d">1546-1610</subfield>
    </datafield>
    <datafield tag="400" ind1="1" ind2=" ">
      <subfield code="a">Burck, Joachimus &#152;a&#156;</subfield>
      <subfield code="d">1546-1610</subfield>
    </datafield>
    <datafield tag="400" ind1="1" ind2=" ">
      <subfield code="a">Burgk, Joachim &#152;a&#156;</subfield>
      <subfield code="d">1546-1610</subfield>
    </datafield>
    <datafield tag="400" ind1="1" ind2=" ">
      <subfield code="a">Burck, Joachim &#152;â&#156;</subfield>
      <subfield code="d">1546-1610</subfield>
    </datafield>
    <datafield tag="400" ind1="1" ind2=" ">
      <subfield code="a">Burck, Joachim &#152;von&#156;</subfield>
      <subfield code="d">1546-1610</subfield>
    </datafield>
    <datafield tag="400" ind1="1" ind2=" ">
      <subfield code="a">Burck, Joachimus &#152;von&#156;</subfield>
      <subfield code="d">1546-1610</subfield>
    </datafield>
    <datafield tag="400" ind1="0" ind2=" ">
      <subfield code="a">Joachim</subfield>
      <subfield code="c">a Burgk</subfield>
      <subfield code="d">1546-1610</subfield>
    </datafield>
    <datafield tag="400" ind1="0" ind2=" ">
      <subfield code="a">Joachim</subfield>
      <subfield code="c">von Burck</subfield>
      <subfield code="d">1546-1610</subfield>
    </datafield>
    <datafield tag="400" ind1="1" ind2=" ">
      <subfield code="a">Burck, Joachim &#152;a&#156;</subfield>
      <subfield code="d">1546-1610</subfield>
    </datafield>
    <datafield tag="400" ind1="1" ind2=" ">
      <subfield code="a">Burgk, Joachim &#152;von&#156;</subfield>
      <subfield code="d">1546-1610</subfield>
    </datafield>
    <datafield tag="400" ind1="1" ind2=" ">
      <subfield code="a">Burg, Joachim &#152;von&#156;</subfield>
      <subfield code="d">1546-1610</subfield>
    </datafield>
    <datafield tag="400" ind1="1" ind2=" ">
      <subfield code="a">Joachim, a Burck</subfield>
      <subfield code="d">1546-1610</subfield>
    </datafield>
    <datafield tag="400" ind1="1" ind2=" ">
      <subfield code="a">Burgk, Joachim &#152;a&#156;</subfield>
      <subfield code="d">1546-1610</subfield>
    </datafield>
    <datafield tag="500" ind1="1" ind2=" ">
      <subfield code="a">Olearius, Johannes</subfield>
      <subfield code="4">beza</subfield>
      <subfield code="4">https://d-nb.info/standards/elementset/gnd#acquaintanceshipOrFriendship</subfield>
      <subfield code="w">r</subfield>
      <subfield code="i">Bekanntschaft</subfield>
      <subfield code="e">Bekanntschaft</subfield>
      <subfield code="9">v:VD-16 Mitverf.</subfield>
    </datafield>
    <datafield tag="500" ind1="1" ind2=" ">
      <subfield code="0">(DE-101)118528688</subfield>
      <subfield code="0">(DE-588)118528688</subfield>
      <subfield code="0">https://d-nb.info/gnd/118528688</subfield>
      <subfield code="a">Eccard, Johannes</subfield>
      <subfield code="d">1553-1611</subfield>
      <subfield code="4">beza</subfield>
      <subfield code="4">https://d-nb.info/standards/elementset/gnd#acquaintanceshipOrFriendship</subfield>
      <subfield code="w">r</subfield>
      <subfield code="i">Bekanntschaft</subfield>
      <subfield code="e">Bekanntschaft</subfield>
      <subfield code="9">v:VD-16 Mitverf.</subfield>
    </datafield>
    <datafield tag="500" ind1="1" ind2=" ">
      <subfield code="0">(DE-101)124661122</subfield>
      <subfield code="0">(DE-588)124661122</subfield>
      <subfield code="0">https://d-nb.info/gnd/124661122</subfield>
      <subfield code="a">Helmbold, Ludwig</subfield>
      <subfield code="d">1532-1598</subfield>
      <subfield code="4">beza</subfield>
      <subfield code="4">https://d-nb.info/standards/elementset/gnd#acquaintanceshipOrFriendship</subfield>
      <subfield code="w">r</subfield>
      <subfield code="i">Bekanntschaft</subfield>
      <subfield code="e">Bekanntschaft</subfield>
      <subfield code="9">v:VD-16 Mitverf.</subfield>
    </datafield>
    <datafield tag="500" ind1="1" ind2=" ">
      <subfield code="0">(DE-101)130089060</subfield>
      <subfield code="0">(DE-588)130089060</subfield>
      <subfield code="0">https://d-nb.info/gnd/130089060</subfield>
      <subfield code="a">Schneegaß, Cyriacus</subfield>
      <subfield code="d">1546-1597</subfield>
      <subfield code="4">beza</subfield>
      <subfield code="4">https://d-nb.info/standards/elementset/gnd#acquaintanceshipOrFriendship</subfield>
      <subfield code="w">r</subfield>
      <subfield code="i">Bekanntschaft</subfield>
      <subfield code="e">Bekanntschaft</subfield>
      <subfield code="9">v:VD-16 Mitverf.</subfield>
    </datafield>
    <datafield tag="500" ind1="1" ind2=" ">
      <subfield code="0">(DE-101)119839369</subfield>
      <subfield code="0">(DE-588)119839369</subfield>
      <subfield code="0">https://d-nb.info/gnd/119839369</subfield>
      <subfield code="a">Stephanus, Peter</subfield>
      <subfield code="4">beza</subfield>
      <subfield code="4">https://d-nb.info/standards/elementset/gnd#acquaintanceshipOrFriendship</subfield>
      <subfield code="w">r</subfield>
      <subfield code="i">Bekanntschaft</subfield>
      <subfield code="e">Bekanntschaft</subfield>
      <subfield code="9">v:VD-16 Mitverf.</subfield>
    </datafield>
    <datafield tag="500" ind1="0" ind2=" ">
      <subfield code="0">(DE-101)119756994</subfield>
      <subfield code="0">(DE-588)119756994</subfield>
      <subfield code="0">https://d-nb.info/gnd/119756994</subfield>
      <subfield code="a">M.Ben.St.</subfield>
      <subfield code="4">beza</subfield>
      <subfield code="4">https://d-nb.info/standards/elementset/gnd#acquaintanceshipOrFriendship</subfield>
      <subfield code="w">r</subfield>
      <subfield code="i">Bekanntschaft</subfield>
      <subfield code="e">Bekanntschaft</subfield>
      <subfield code="9">v:VD-16 Mitverf.</subfield>
    </datafield>
    <datafield tag="500" ind1="1" ind2=" ">
      <subfield code="0">(DE-101)119801051</subfield>
      <subfield code="0">(DE-588)119801051</subfield>
      <subfield code="0">https://d-nb.info/gnd/119801051</subfield>
      <subfield code="a">Reinhardt, Hieronymus</subfield>
      <subfield code="4">beza</subfield>
      <subfield code="4">https://d-nb.info/standards/elementset/gnd#acquaintanceshipOrFriendship</subfield>
      <subfield code="w">r</subfield>
      <subfield code="i">Bekanntschaft</subfield>
      <subfield code="e">Bekanntschaft</subfield>
      <subfield code="9">v:VD-16 Mitverf.</subfield>
    </datafield>
    <datafield tag="548" ind1=" " ind2=" ">
      <subfield code="a">1546-1610</subfield>
      <subfield code="4">datl</subfield>
      <subfield code="4">https://d-nb.info/standards/elementset/gnd#dateOfBirthAndDeath</subfield>
      <subfield code="w">r</subfield>
      <subfield code="i">Lebensdaten</subfield>
    </datafield>
    <datafield tag="548" ind1=" " ind2=" ">
      <subfield code="a">-24.05.1610</subfield>
      <subfield code="4">datx</subfield>
      <subfield code="4">https://d-nb.info/standards/elementset/gnd#dateOfDeath</subfield>
      <subfield code="w">r</subfield>
      <subfield code="i">Exakte Lebensdaten</subfield>
    </datafield>
    <datafield tag="550" ind1=" " ind2=" ">
      <subfield code="0">(DE-101)04032009X</subfield>
      <subfield code="0">(DE-588)4032009-1</subfield>
      <subfield code="0">https://d-nb.info/gnd/4032009-1</subfield>
      <subfield code="a">Komponist</subfield>
      <subfield code="4">berc</subfield>
      <subfield code="4">https://d-nb.info/standards/elementset/gnd#professionOrOccupation</subfield>
      <subfield code="w">r</subfield>
      <subfield code="i">Charakteristischer Beruf</subfield>
    </datafield>
    <datafield tag="550" ind1=" " ind2=" ">
      <subfield code="0">(DE-101)040408418</subfield>
      <subfield code="0">(DE-588)4040841-3</subfield>
      <subfield code="0">https://d-nb.info/gnd/4040841-3</subfield>
      <subfield code="a">Musiker</subfield>
      <subfield code="4">beru</subfield>
      <subfield code="4">https://d-nb.info/standards/elementset/gnd#professionOrOccupation</subfield>
      <subfield code="w">r</subfield>
      <subfield code="i">Beruf</subfield>
    </datafield>
    <datafield tag="550" ind1=" " ind2=" ">
      <subfield code="0">(DE-101)041727932</subfield>
      <subfield code="0">(DE-588)4172793-9</subfield>
      <subfield code="0">https://d-nb.info/gnd/4172793-9</subfield>
      <subfield code="a">Organist</subfield>
      <subfield code="4">beru</subfield>
      <subfield code="4">https://d-nb.info/standards/elementset/gnd#professionOrOccupation</subfield>
      <subfield code="w">r</subfield>
      <subfield code="i">Beruf</subfield>
    </datafield>
    <datafield tag="550" ind1=" " ind2=" ">
      <subfield code="0">(DE-101)041632214</subfield>
      <subfield code="0">(DE-588)4163221-7</subfield>
      <subfield code="0">https://d-nb.info/gnd/4163221-7</subfield>
      <subfield code="a">Kantor</subfield>
      <subfield code="4">beru</subfield>
      <subfield code="4">https://d-nb.info/standards/elementset/gnd#professionOrOccupation</subfield>
      <subfield code="w">r</subfield>
      <subfield code="i">Beruf</subfield>
    </datafield>
    <datafield tag="550" ind1=" " ind2=" ">
      <subfield code="0">(DE-101)041585895</subfield>
      <subfield code="0">(DE-588)4158589-6</subfield>
      <subfield code="0">https://d-nb.info/gnd/4158589-6</subfield>
      <subfield code="a">Gymnasiallehrer</subfield>
      <subfield code="4">beru</subfield>
      <subfield code="4">https://d-nb.info/standards/elementset/gnd#professionOrOccupation</subfield>
      <subfield code="w">r</subfield>
      <subfield code="i">Beruf</subfield>
    </datafield>
    <datafield tag="550" ind1=" " ind2=" ">
      <subfield code="0">(DE-101)040426602</subfield>
      <subfield code="0">(DE-588)4042660-9</subfield>
      <subfield code="0">https://d-nb.info/gnd/4042660-9</subfield>
      <subfield code="a">Notar</subfield>
      <subfield code="4">beru</subfield>
      <subfield code="4">https://d-nb.info/standards/elementset/gnd#professionOrOccupation</subfield>
      <subfield code="w">r</subfield>
      <subfield code="i">Beruf</subfield>
    </datafield>
    <datafield tag="550" ind1=" " ind2=" ">
      <subfield code="0">(DE-101)041770080</subfield>
      <subfield code="0">(DE-588)4177008-0</subfield>
      <subfield code="0">https://d-nb.info/gnd/4177008-0</subfield>
      <subfield code="a">Ratsherr</subfield>
      <subfield code="4">beru</subfield>
      <subfield code="4">https://d-nb.info/standards/elementset/gnd#professionOrOccupation</subfield>
      <subfield code="w">r</subfield>
      <subfield code="i">Beruf</subfield>
    </datafield>
    <datafield tag="551" ind1=" " ind2=" ">
      <subfield code="0">(DE-101)04282253X</subfield>
      <subfield code="0">(DE-588)4282253-1</subfield>
      <subfield code="0">https://d-nb.info/gnd/4282253-1</subfield>
      <subfield code="a">Burg b. Magdeburg</subfield>
      <subfield code="4">ortg</subfield>
      <subfield code="4">https://d-nb.info/standards/elementset/gnd#placeOfBirth</subfield>
      <subfield code="w">r</subfield>
      <subfield code="i">Geburtsort</subfield>
    </datafield>
    <datafield tag="551" ind1=" " ind2=" ">
      <subfield code="0">(DE-101)040404668</subfield>
      <subfield code="0">(DE-588)4040466-3</subfield>
      <subfield code="0">https://d-nb.info/gnd/4040466-3</subfield>
      <subfield code="a">Mühlhausen/Thüringen</subfield>
      <subfield code="4">orts</subfield>
      <subfield code="4">https://d-nb.info/standards/elementset/gnd#placeOfDeath</subfield>
      <subfield code="w">r</subfield>
      <subfield code="i">Sterbeort</subfield>
    </datafield>
    <datafield tag="551" ind1=" " ind2=" ">
      <subfield code="0">(DE-101)040404668</subfield>
      <subfield code="0">(DE-588)4040466-3</subfield>
      <subfield code="0">https://d-nb.info/gnd/4040466-3</subfield>
      <subfield code="a">Mühlhausen/Thüringen</subfield>
      <subfield code="4">ortw</subfield>
      <subfield code="4">https://d-nb.info/standards/elementset/gnd#placeOfActivity</subfield>
      <subfield code="w">r</subfield>
      <subfield code="i">Wirkungsort</subfield>
    </datafield>
    <datafield tag="667" ind1=" " ind2=" ">
      <subfield code="a">7</subfield>
    </datafield>
    <datafield tag="667" ind1=" " ind2=" ">
      <subfield code="a">12</subfield>
    </datafield>
    <datafield tag="667" ind1=" " ind2=" ">
      <subfield code="a">VD-16</subfield>
    </datafield>
    <datafield tag="667" ind1=" " ind2=" ">
      <subfield code="a">VD-17</subfield>
    </datafield>
    <datafield tag="670" ind1=" " ind2=" ">
      <subfield code="a">LCAuth</subfield>
    </datafield>
    <datafield tag="670" ind1=" " ind2=" ">
      <subfield code="a">DbA I 168,5-20;II 202,204;204,358-360;III 130,253-256,258</subfield>
    </datafield>
    <datafield tag="670" ind1=" " ind2=" ">
      <subfield code="a">DbA II 907,129</subfield>
    </datafield>
    <datafield tag="670" ind1=" " ind2=" ">
      <subfield code="a">DbA III 443,344-345</subfield>
    </datafield>
    <datafield tag="670" ind1=" " ind2=" ">
      <subfield code="a">NDB/ADB</subfield>
      <subfield code="u">https://www.deutsche-biographie.de/sfz7459.html#ndbcontent</subfield>
    </datafield>
    <datafield tag="670" ind1=" " ind2=" ">
      <subfield code="a">Wikipedia</subfield>
      <subfield code="u">https://de.wikipedia.org/wiki/Joachim_a_Burck</subfield>
    </datafield>
    <datafield tag="672" ind1=" " ind2="0">
      <subfield code="a">Zwanzig deutsche geistliche vierstimmige Lieder</subfield>
      <subfield code="f">1898</subfield>
    </datafield>
    <datafield tag="672" ind1=" " ind2="0">
      <subfield code="a">Helmbold, Ludwig: Vom heiligen Ehstandt</subfield>
      <subfield code="f">1595</subfield>
    </datafield>
    <datafield tag="672" ind1=" " ind2="0">
      <subfield code="a">Helmbold, Ludwig: Viertzig deutsche christliche Liedlein</subfield>
      <subfield code="f">1599</subfield>
    </datafield>
    <datafield tag="672" ind1=" " ind2="0">
      <subfield code="a">Helmbold, Ludwig: Dreissig Geistliche Lieder</subfield>
      <subfield code="f">1609</subfield>
    </datafield>
    <datafield tag="672" ind1=" " ind2="0">
      <subfield code="a">Helmbold, Ludwig: Vom heiligen Ehestande</subfield>
    </datafield>
    <datafield tag="672" ind1=" " ind2="0">
      <subfield code="a">Helmbold, Ludwig: Viertzig teutsche Christliche Liedlein L. Helmboldi in vier Stimmen</subfield>
      <subfield code="f">1599</subfield>
    </datafield>
    <datafield tag="672" ind1=" " ind2="0">
      <subfield code="a">Dreissig Geistliche Lieder Auff die Fest durchs Jahr [et]c</subfield>
      <subfield code="f">1609</subfield>
    </datafield>
    <datafield tag="672" ind1=" " ind2="0">
      <subfield code="a">Helmbold, Ludwig: HEBDOMAS DIVINITVS INSTITVTA: SACRIS ODIS CELEBRATA, LECTIONVMQVE SCHOLASTICARVM ...  1580.  (VD16 H 1769)</subfield>
    </datafield>
    <datafield tag="672" ind1=" " ind2="0">
      <subfield code="a">Helmbold, Ludwig: IIII. ODAE. Ludouici Helmboldi, Latinae &amp; Germanicae: Gregoriano scholasticorum festo, piaeque ...  1574.  (VD16 H 1781)</subfield>
    </datafield>
    <datafield tag="672" ind1=" " ind2="0">
      <subfield code="a">Helmbold, Ludwig: Quadraginta ODAE CATECHETICAE. IN LAVDEM DEI, ET PIAe IUVENTUTIS VSVM, A M. LVDOVICO ...  1599.  (VD16 H 1780)</subfield>
    </datafield>
    <datafield tag="672" ind1=" " ind2="0">
      <subfield code="a">Helmbold, Ludwig: Viertzig deutsche Christliche Liedlein M. LVDOVICI HELMBOLDI. Auß schönen tröstlichen ...  1599.  (VD16 H 1786)</subfield>
    </datafield>
    <datafield tag="672" ind1=" " ind2="0">
      <subfield code="a">Helmbold, Ludwig: Vom heiligen Ehstande: Ein vnd viertzig Liedlein, inn lehrhafftige, tröstliche, ...  1596.  (VD16 H 1784)</subfield>
    </datafield>
    <datafield tag="672" ind1=" " ind2="0">
      <subfield code="a">Helmbold, Ludwig: Vom heiligen Ehstande: Viertzig Liedlein, in Lehrhafftige, Troestliche, Freundenreiche vnd ...  1595.  (VD16 H 1783)</subfield>
    </datafield>
    <datafield tag="672" ind1=" " ind2="0">
      <subfield code="a">Helmbold, Ludwig: Zwantzig Deutsche Liedlein mit Vier Stimmen. Auff Christliche Reimen, M. LUDOVICI ...  1575.  (VD16 H 1785)</subfield>
    </datafield>
    <datafield tag="672" ind1=" " ind2="0">
      <subfield code="a">Schneegaß, Cyriacus: XV. PSALMI GRADVVM. Das ist: Die XV. Lieder im Hoehern Chor. Sampt andern zweyen Psalmen, ...  1595.  (VD16 S 3199)</subfield>
    </datafield>
    <datafield tag="672" ind1=" " ind2="0">
      <subfield code="a">Stephanus, Peter: Leichpredigt Bey Begraebnuß der Edlen vnnd viel Tugentreichen Frauwen Clara geborne ...  1581.  (VD16 S 8923)</subfield>
    </datafield>
    <datafield tag="678" ind1=" " ind2=" ">
      <subfield code="b">Deutscher Komponist; 1561 Student in Wittenberg; ab 1563 Kantor an der Lateinschule in Mühlhausen, auch Organist an beiden Hauptkirchen; ab 1568 auch Gerichtsschreiber und später noch öffentlicher Notar; 1583 Ratsherr</subfield>
    </datafield>
    <datafield tag="700" ind1="1" ind2="7">
      <subfield code="a">Burck, Joachim a</subfield>
      <subfield code="d">1546-1610</subfield>
      <subfield code="0">(DLC)n 79117289</subfield>
      <subfield code="2">naf</subfield>
      <subfield code="9">v:1546-1610</subfield>
    </datafield>
    <datafield tag="913" ind1=" " ind2=" ">
      <subfield code="S">pnd</subfield>
      <subfield code="i">5</subfield>
      <subfield code="a">Joachim &lt;a Burck&gt;</subfield>
      <subfield code="0">(DE-588a)100833195</subfield>
    </datafield>
    <datafield tag="913" ind1=" " ind2=" ">
      <subfield code="S">pnd</subfield>
      <subfield code="i">a</subfield>
      <subfield code="a">Burck, Joachim /von</subfield>
      <subfield code="0">(DE-588a)119633361</subfield>
    </datafield>
    <datafield tag="913" ind1=" " ind2=" ">
      <subfield code="S">pnd</subfield>
      <subfield code="i">a</subfield>
      <subfield code="a">Burck, Joachim /a</subfield>
      <subfield code="0">(DE-588a)15539889X</subfield>
    </datafield>
  </record>
